@book{COC,
	title		= "4GC00 Computer Aided Engineering COC",
    author		= "V. Kouznetsova",
    publisher	= "TU/e",
    year		= "2016",
}
@misc{ Nobody06,
       author = "Nobody Jr",
       title = "My Article",
       year = "2006" }
       
@misc{cathode,
title = "The Cathode is the key to advancing Lithium-Ion technology",
site = "http://www.visualcapitalist.com/cathode-advancing-lithium-ion/",
year = "1111"} 

@misc{slides,
title = "Lecture slides 4AT060, TU/e",
author = "Dr. Steven Wilkins, Georgios Sfakianakis, Mitrofan Curti",
year = "1111"
}



@misc{BEP_Rutger,
		author = "Degenhart, R.",
        title = "Bachelor Final Project, Placement of Electric Ducted Fan and batteries on a delta wing jet",
        year = "2017"}
        
@misc{Kirill_Murashko,
	title		="Thermal modeling of commercial lithium-ion batteries",
    author 		="K. Murashko",
    publisher	="Lappeenranta University of Technology",
    year 		="2017"}
    
@misc{W. Bin,
	title = "Thermal Design for the Pouch-Type Large-Format Lithium-Ion Batteries I. Thermo-Electrical Modeling and Origins of Temperature Non-Uniformity",
    author	= "W. Bin, L. Zhe, Z. Jianbo",
    year = "2016",
    journal = "Journal of The Electrochemical Society",
    doi = "10.1149/2.0831501jes"",
    volume = "162",
    issue = "1"
}

@misc{Nur Hazima,
title = "Simplified Heat Generation Model for Lithium ion battery used in Electric Vehicle",
author="Nur Hazima Faezaa Ismail",
year="2013",
journal="IOP Conference Series: Materials Science and Engineering",
volume="53",
issue="1"}

@misc{Ahmad,
title="Thermal Characteristics of Selected EV and HEV Batteries",
author="Ahmed A. Pesaran, Matthew Keyser",
journal="Annual Battery Conference: Advances and Applications",
year="2001"
}

@misc{types_of_batteries,
title = "Types of Lithium Batteries",
site = "http://batteryuniversity.com/learn/article/types_of_lithium_ion",
year = "1111"}

@misc{MLI,
title = "Thermal Characteristics of Multilayer Insulation Materials for Flexible Thin-Film Solar Cell Array of Stratospheric Airship",
author = "Kangwen Sun",
journal = "Advances in Materials Science and Engineering",
volume = "2014",
year = "2014",
doi = "10.1155/2014/706308"}

@misc{BEP_Jasper,
		author = "Jasper Oranje",
        title = "Energy Carriers, Propulsion, Thrust and EDF",
        year = "2016"}
        
@misc{heat_transfer_coefficient,
title = "Convective heat transfer",
site = "http://thermopedia.com/content/660/",
year = "1111"}      

@misc{cobalt,
title = "Nickel and Cobalt for Lithium Batteries"
}

@misc{optimal_packing,
title = "A Simple Proof of Thue's Theorem on Circle Packing",
author = "Chang, Hai-Chau; Wang, Lih-Chung",
year = "2010"}

@misc{battery_choice,
title = "A tale of 3 battery packs.",
author = "Christopher Arcus",
year = "2016"}

@incollection{Sequeira20103,
title = "1 - Introduction to polymer electrolyte materials ",
editor = "Sequeira, CÃ©sar and ,  and Santos, Diogo ",
booktitle = "Polymer Electrolytes ",
publisher = "Woodhead Publishing",
edition = "",
address = "",
year = "2010",
pages = "3 - 61",
series = "Woodhead Publishing Series in Electronic and Optical Materials",
isbn = "978-1-84569-772-3",
doi = "https://doi.org/10.1533/9781845699772.1.3",
url = "https://www.sciencedirect.com/science/article/pii/B9781845697723500017",
author = "C.A.C. Sequeira and D.M.F. Santos",
keywords = "polymer electrolyte classes",
keywords = "polymer electrolyte properties",
keywords = "batteries",
keywords = "fuel cells and capacitors",
keywords = "photoelectro chemical devices",
keywords = "electrochromic applications "
}

misc{lithium_batteriesx,
title = "Lithium batteries : Science and technology.",
author = "Julien, C., Mauger, A., Vijh, A., & Zaghib, K.",
year = "2016"}

@misc{Batterybro,
title = "Batterybro",
author = "Batterybro",
year = "2016"}


























